@inproceedings{kour2014real,
  title={Real-time segmentation of on-line handwritten arabic script},
  author={Kour, George and Saabne, Raid},
  booktitle={Frontiers in Handwriting Recognition (ICFHR), 2014 14th International Conference on},
  pages={417--422},
  year={2014},
  organization={IEEE}
}

@inproceedings{kour2014fast,
  title={Fast classification of handwritten on-line Arabic characters},
  author={Kour, George and Saabne, Raid},
  booktitle={Soft Computing and Pattern Recognition (SoCPaR), 2014 6th International Conference of},
  pages={312--318},
  year={2014},
  organization={IEEE}
}

@article{hadash2018estimate,
  title={Estimate and Replace: A Novel Approach to Integrating Deep Neural Networks with Existing Applications},
  author={Hadash, Guy and Kermany, Einat and Carmeli, Boaz and Lavi, Ofer and Kour, George and Jacovi, Alon},
  journal={arXiv preprint arXiv:1804.09028},
  year={2018}
}
@ARTICLE{py06nimg,
  author = {Paul A. Yushkevich and Joseph Piven and Cody Hazlett, Heather and
    Gimpel Smith, Rachel and Sean Ho and James C. Gee and Guido Gerig},
  title = {User-Guided {3D} Active Contour Segmentation of
    Anatomical Structures: Significantly Improved Efficiency and Reliability},
  journal = {Neuroimage},
  year = {2006},
  volume = {31},
  number = {3},
  pages = {1116--1128},
}
@article{yaniv2018simpleitk,
  title={SimpleITK image-analysis notebooks: a collaborative environment for education and reproducible research},
  author={Yaniv, Ziv and Lowekamp, Bradley C and Johnson, Hans J and Beare, Richard},
  journal={Journal of digital imaging},
  volume={31},
  number={3},
  pages={290--303},
  year={2018},
  publisher={Springer}
}
@inproceedings{cciccek20163d,
  title={3D U-Net: learning dense volumetric segmentation from sparse annotation},
  author={{\c{C}}i{\c{c}}ek, {\"O}zg{\"u}n and Abdulkadir, Ahmed and Lienkamp, Soeren S and Brox, Thomas and Ronneberger, Olaf},
  booktitle={International conference on medical image computing and computer-assisted intervention},
  pages={424--432},
  year={2016},
  organization={Springer}
}
@inproceedings{yang2019disentangling,
  title={Disentangling latent hands for image synthesis and pose estimation},
  author={Yang, Linlin and Yao, Angela},
  booktitle={Proceedings of the IEEE Conference on Computer Vision and Pattern Recognition},
  pages={9877--9886},
  year={2019}
}
@inproceedings{hara3dcnns,
  author={Kensho Hara and Hirokatsu Kataoka and Yutaka Satoh},
  title={Can Spatiotemporal 3D CNNs Retrace the History of 2D CNNs and ImageNet?},
  booktitle={Proceedings of the IEEE Conference on Computer Vision and Pattern Recognition (CVPR)},
  pages={6546--6555},
  year={2018},
}
@inproceedings{he2016deep,
  title={Deep residual learning for image recognition},
  author={He, Kaiming and Zhang, Xiangyu and Ren, Shaoqing and Sun, Jian},
  booktitle={Proceedings of the IEEE conference on computer vision and pattern recognition},
  pages={770--778},
  year={2016}
}