@article{RN1,
   author = {Yuzhen, Liu and Siqi, An and Qiong, Song and Changxiang Chen},
   title = {Relationship between loneliness and family social support in elderly disabled elderly in Tangshan City (Chinese)},
   journal = {Nursing research},
   number = {07},
   pages = {1057-1060},
   ISSN = {1009-6493},
   year = {2018},
   type = {Journal Article}
}
@article{RN2,
  title={The moderating effect of loneliness on mental health and well-being in the elderly (Chinese)},
  author={Na, Zhao and Mingjie, Zhou and Jianxin, Zhang},
  journal={Chinese Journal of Gerontology},
  volume={22},
  pages={106},
  year={2016}
}
@phdthesis{RN3,
  title={Research Progress on loneliness of the elderly (Chinese)},
  author={Yuchen, Lai},
  year={2012}
}
@article{hardt2012oauth,
  title={The OAuth 2.0 authorization framework},
  author={Hardt, Dick},
  year={2012}
}
@techreport{jones2012oauth,
  title={The oauth 2.0 authorization framework: Bearer token usage},
  author={Jones, Michael and Hardt, Dick},
  year={2012}
}
@book{richardson2008restful,
  title={RESTful web services},
  author={Richardson, Leonard and Ruby, Sam},
  year={2008},
  publisher={O Reilly Media, Inc}
}
@inproceedings{pautasso2008restful,
  title={Restful web services vs. big'web services: making the right architectural decision},
  author={Pautasso, Cesare and Zimmermann, Olaf and Leymann, Frank},
  booktitle={Proceedings of the 17th international conference on World Wide Web},
  pages={805--814},
  year={2008},
  organization={ACM}
}
@techreport{loreto2011known,
  title={Known issues and best practices for the use of long polling and streaming in bidirectional http},
  author={Loreto, Salvatore and Saint-Andre, P and Salsano, S and Wilkins, G},
  year={2011}
}
@article{crockford2006application,
  title={The application/json media type for javascript object notation (json)},
  author={Crockford, Douglas},
  year={2006}
}
@article{RN4,
  title={Risk factors for anxiety and depression in the elderly: a review},
  author={Vink, D and Aartsen, M. J. and Schoevers, R. A.},
  journal={Journal of Afferctive Disorders},
  volume={106},
  number={1},
  pages={29-44},
  year={2008},
}
@inproceedings{RN5,
  title={The relationship between personality traits and loneliness of empty nesters (Chinese)},
  author={Benxian, Yao and Yang, Li},
  booktitle={National Symposium on Psychology},
  year={2013},
}
@article{RN7,
  title={Loneliness and social support of older people in China: a systematic literature review.},
  author={Chen, Y. and Hicks, A and While, A. E.},
  journal={Health \& Social Care in the Community},
  volume={22},
  number={2},
  pages={113-123},
  year={2014},
}
@article{RN8,
  title={Factors associated with loneliness of noninstitutionalized and institutionalized older adults},
  author={Prieto-Flores, M. E. and Forjaz, M. J. and Fernandez-Mayoralas, G and Rojo-Perez, F and Martinez-Martin, P},
  journal={Journal of Aging \& Health},
  volume={23},
  number={1},
  pages={177},
  year={2011},
}
@article{RN9,
  title={Social isolation, loneliness and health among older adults.},
  author={Coyle, C. E. and Dugan, E},
  journal={J Aging Health},
  volume={24},
  number={8},
  pages={1346-1363},
  year={2012},
}
@article{RN10,
  title={Loneliness of older people aged 70: a comparison of two Finnish cohorts born 20 years apart.},
  author={Eloranta, S. and Arve, S. and Isoaho, H. and Lehtonen, A. and Viitanen, M.},
  journal={Archives of Gerontology \& Geriatrics},
  volume={61},
  number={2},
  pages={254-260},
  year={2015},
}
@article{RN11,
  title={The three Department released fourth findings of the survey on the living conditions of the elderly in urban and rural areas in China (Chinese)},
  author={Changzheng, Zhong},
  journal={Social work in China},
  number={29},
  pages={6-6},
  year={2016},
}
@misc{RN12,
   author = {Bingzhi, Han},
   title = {The medical security system basically realizes the full coverage of the elderly (Chinese)},
   pages = {003},
   month = {2016-10-10},
   type = {Newspaper Article},
   publisher = {Economic Daily}
}
@article{RN13,
  title={Elderly people in urban and rural areas have been significantly improved in their sense of well-being, and positive progress has been made in medical work in the elderly (Chinese)},
  author={Xiang, Bai},
  year={2016-10-09},
}
@mastersthesis{RN14,
  title={The study of Chinese speech synthesis technology (Chinese)},
  author={Shuiping, Shi},
  year={2004},
  school={Wanfang Data Resource System}
}
@article{RN15,
  title={Speech synthesis - brilliant prospects for great prospects (Chinese)},
  author={Qingfeng, Liu},
  year={2005-06-24},
}